%------------------------------------INTRODUCTION------------------------------------%
@MISC{GitHub,
  author = {
  	Daniel Busemann and
  	Troels Klein and
  	Razvan Bucur
  	},
  title = {P4---Control-of-a-Three-Pump-System - (a 4th Semester Project) },
  year = {2018},
  howpublished = {\url{https://github.com/BlackAndWhiteSnaable/P4---Control-of-a-Three-Pump-System}}
}
@misc{BrewFlow,
  title={‘Ultimate Flow Control’ at the Brew House},
  url={http://www.valveuser.com/1809-ultimate-flow-control-at-the-brew-house.htm},
  journal={'Ultimate Flow Control' at the Brew House},
  publisher={Valve User Magazine},
  year={2016}
  }

@misc{OilFlow,
  title={Surface Flow Control},
  url={https://www.geoilandgas.com/oilfield/surface-flow-control},
  journal={Surface Flow Control},
  publisher={GE Oil & Gas},
  author={Anonymous},
  year={2015}
}

@misc{DairyFlow,
  itle={Flow Control Valve (Ball Control)},
  url={https://www.ssdairyequipments.com/flow-control-valve.html},
  journal={Flow Control Valve},
  publisher={ SS ENGINEERS & CONSULTANTS}
}

@misc{WastewaterFlow,
  title={Flow Measurement \& Control},
  url={https://mena-water.com/products/flow-measurement-control/},
  journal={Flow Measurement & Control - Water and Wastewater Treatment},
  publisher={MENA-Water}
}

@book{AffinityLaws,
  place={New York, NY},
  edition={3},
  title={Pump characteristics and applications},
  publisher={CRC Press},
  author={Volk, Michael W.},
  year={2014},
  chapter={2},
  pages={103}
}


%%------------------------------MATHEMATICAL MODELLING-------------------------------%
@MISC{cftool,
  author = {MATLAB},
  title = {Curve Fitting Toolbox},
  year = {2018},
  howpublished = {\url{https://se.mathworks.com/help/curvefit/index.html}}
}
