%------------------------------------INTRODUCTION------------------------------------%
@MISC{GitHub,
  author = {
  	Daniel Busemann and
  	Troels Klein and
  	Razvan Bucur
  	},
  title = {Pathfinding -as used in Rescuing Robots- (a 4th Semester Project) },
  year = {2018},
  howpublished = {\url{https://github.com/BlackAndWhiteSnaable/P4---Control-of-a-Three-Pump-System}}
}